@inproceedings{sahami1998bayesian,
  title={A Bayesian approach to filtering junk e-mail},
  author={Sahami, Mehran and Dumais, Susan and Heckerman, David and Horvitz, Eric},
  booktitle={Learning for Text Categorization: Papers from the 1998 workshop},
  volume={62},
  pages={98--105},
  year={1998}
}

@article{mendez2007sistemas,
  title={Sistemas inteligentes para la detecci{\'o}n y filtrado de correo spam: una revisi{\'o}n},
  author={M{\'e}ndez, Jos{\'e} R and Riverola, Florentino Fern{\'a}ndez and G{\'o}mez, Fernando D{\'\i}az and Rodr{\'\i}guez, Juan Manuel Corchado},
  journal={Inteligencia Artificial: revista iberoamericana de inteligencia artificial},
  volume={11},
  number={34},
  pages={63--81},
  year={2007},
  publisher={Asociaci{\'o}n Espa{\~n}ola para la Inteligencia Artificial (AEPIA)}
}

@inproceedings{metsis2006spam,
  title={Spam filtering with naive bayes-which naive bayes?},
  author={Metsis, Vangelis and Androutsopoulos, Ion and Paliouras, Georgios},
  booktitle={CEAS},
  pages={27--28},
  year={2006}
}

@misc{graham2002plan,
  title={A plan for spam},
  author={Graham, Paul},
  year={2002},
  howpublished="\url{http://www.paulgraham.com/spam.html}"
}

@misc{graham2003better,
  title={Better bayesian filtering},
  author={Graham, Paul},
  year={2003},
  howpublished="\url{http://www.paulgraham.com/better.html}"
}

@misc{graham2003probability,
  title={Better bayesian filtering},
  author={Graham, Paul},
  year={2003},
  howpublished="\url{http://www.paulgraham.com/naivebayes.html}"
}

@article{eberhardt2015bayesian,
  title={Bayesian spam detection},
  author={Eberhardt, Jeremy J},
  journal={Scholarly Horizons: University of Minnesota, Morris Undergraduate Journal},
  volume={2},
  number={1},
  pages={2},
  year={2015},
  howpublished="\url{http://digitalcommons.morris.umn.edu/cgi/viewcontent.cgi?article=1024&context=horizons}"
}

@inproceedings{hovold2005naive,
  title={Naive Bayes Spam Filtering Using Word-Position-Based Attributes.},
  author={Hovold, Johan},
  booktitle={CEAS},
  pages={41--48},
  year={2005}
}
